@article{Demsar2016BalancedMixture,
    title = {{A Balanced Mixture of Antagonistic Pressures Promotes the Evolution of Parallel Movement}},
    year = {2016},
    journal = {Scientific Reports},
    author = {Dem{\v{s}}ar, Jure and {\v{S}}trumbelj, Erik and Lebar Bajec, Iztok},
    volume = {6},
    doi = {10.1038/srep39428}
}

@article{Demsar2017LinguisticEvolution,
    title = {{Evolution of Collective Behaviour in an Artificial World Using Linguistic Fuzzy Rule-Based Systems}},
    year = {2017},
    journal = {PLoS ONE},
    author = {Dem{\v{s}}ar, Jure and Lebar Bajec, Iztok},
    number = {1},
    pages = {1--20},
    volume = {12},
    doi = {10.1371/journal.pone.0168876}
}

@misc{chatgpt,
      title={ChatGPT in education: A discourse analysis of worries and concerns on social media}, 
      author={Lingyao Li and Zihui Ma and Lizhou Fan and Sanggyu Lee and Huizi Yu and Libby Hemphill},
      year={2023},
      eprint={2305.02201},
      archivePrefix={arXiv},
      primaryClass={cs.CY}
}

@misc{pham2023topicgpt,
      title={TopicGPT: A Prompt-based Topic Modeling Framework}, 
      author={Chau Minh Pham and Alexander Hoyle and Simeng Sun and Mohit Iyyer},
      year={2023},
      eprint={2311.01449},
      archivePrefix={arXiv},
      primaryClass={cs.CL}
}

OpenAI. (2024). ChatGPT (3.5) [Large language model]. https://chat.openai.com